@article{lourencco2016unveiling,
  title={Unveiling the properties of structured grammatical evolution},
  author={Louren{\c{c}}o, Nuno and Pereira, Francisco B and Costa, Ernesto},
  journal={Genetic Programming and Evolvable Machines},
  volume={17},
  number={3},
  pages={251--289},
  year={2016},
  publisher={Springer}
}
@incollection{lourencco2018structured,
  title={Structured grammatical evolution: a dynamic approach},
  author={Louren{\c{c}}o, Nuno and Assun{\c{c}}{\~a}o, Filipe and Pereira, Francisco B and Costa, Ernesto and Machado, Penousal},
  booktitle={Handbook of Grammatical Evolution},
  pages={137--161},
  year={2018},
  publisher={Springer}
}
